2759 4767
234 243 266 330 4
321 287 330 298 .
498 234 803 326 rnapaaaro
836 236 1093 320 eurronra

231 382 427 462 uiderent,
462 376 681 476 deciditque
702 378 871 456 Romania
894 403 1005 481 regna
1023 384 1062 460 iu
1083 403 1131 459 eo
1150 309 1364 473 conderent,

233 509 315 563 eum
337 486 404 560 iam
433 482 588 577 ipsorum
611 483 732 581 lingua
756 506 837 559 cuni
861 482 1018 560 Romana
1039 485 1117 562 lere
1140 485 1366 573 coalesceret,

232 579 401 685 qbicquid
416 580 578 678 pristinae
592 585 790 681 elegantiae
806 587 1111 684 supererat‚plane
1126 587 1285 664 deletum
1301 585 1366 660 est.

234 688 329 774 Nam
343 705 379 786 ct
390 675 591 784 permultae
602 705 714 760 voces
729 686 943 781 dicendique
952 709 1095 764 veteres
1109 689 1247 765 tornae
1261 687 1366 778 oblit-

232 807 387 872 teratae,
413 803 453 860 et
468 807 559 881 quae
580 786 757 876 mansere,
783 785 829 859 ad
841 789 946 860 alium
964 789 1097 864 sensum
1112 789 1277 868 detortae
1292 790 1366 865 sue-

231 909 326 970 runt,
346 889 570 984 plurimaque
586 911 680 962 noua
696 911 816 963 rerum
831 886 1007 963 vocabula
1022 892 1163 967 aliunde
1186 891 1367 972 accederes

231 1013 270 1069 et
290 993 367 1064 tot'a
388 990 529 1088 linguae
550 989 754 1064 constitutio
768 992 1022 1087 ingeniumque
1045 993 1121 1065 eius
1142 993 1189 1066 ita
1207 994 1367 1067 immuta·

230 1112 307 1170 tum
318 1093 445 1171 fuinvt
461 1091 519 1166 libi
535 1092 607 1188 ipsa
622 1093 726 1189 plane
737 1089 1006 1168 diffirniliaeliet.
1033 1153 1040 1161 .
1056 1091 1179 1189 anue
1189 1093 1367 1168 barbariei

230 1192 458 1290 sequentibus
474 1197 578 1269 etiam
594 1195 716 1269 seculis
729 1217 803 1267 non
820 1193 947 1268 sublata
962 1192 1023 1268 sed
1044 1195 1141 1269 aubia
1164 1195 1249 1281 suit,
1275 1196 1367 1270 obti-

230 1295 1368 1497 bellulamei&beliniacensi

231 1501 368 1594 coepit,
423 1498 547 1598 Itaque
568 1501 738 1598 pleraque
756 1503 894 1589 omnia,
917 1522 1009 1598 quae
1031 1521 1097 1596 per
1115 1517 1253 1574 tantum
1274 1519 1368 1575 tem·

231 1604 333 1699 poris
356 1603 501 1698 spatium
524 1605 649 1677 litteris
665 1603 826 1677 mandata
842 1602 995 1687 fuerunt,
1020 1602 1191 1677 latinitate
1212 1598 1271 1675 illa
1291 1601 1369 1698 bar·

232 1702 315 1779 bara
329 1705 526 1798 conscripta
542 1705 632 1794 sunt,
657 1726 771 1801 eaque
786 1705 844 1802 qui
860 1707 981 1802 legere
995 1705 1107 1801 cupit,
1131 1705 1230 1800 cupit
1246 1723 1369 1782 autem

222 1806 400 1903 :quisquc
412 1801 479 1880 iuri
498 1807 620 1902 patrio
634 1804 782 1903 publico
797 1806 1011 1902 priuatoque
1033 1825 1072 1880 α
1090 1804 1253 1880 historiae
1277 1807 1369 1880 aliia

229 1927 304 2004 que
320 1908 492 1983 bonarum
509 1909 704 1982 litterarum
718 1907 876 2003 putibua
890 1909 1084 2005 legitimam
1098 1929 1247 2003 operam
1261 1930 1369 1985 nava·

229 2031 293 2094 re,
318 2028 379 2108 aut
392 2011 541 2086 nomina
564 2009 680 2082 salte·
702 2013 972 2105 plerarumque,
998 2029 1094 2106 quae
1116 2030 1209 2084 nunc
1226 2009 1370 2106 vigent¹

231 2112 576 2207 artiumintelligere
588 2110 787 2197 constituit,
816 2111 851 2185 ei
867 2109 1041 2186 interiore
1054 2109 1283 2208 aliquaistius
1302 2106 1370 2186 lin·

230 2233 324 2314 guae
338 2213 464 2285 notitia
481 2232 577 2307 opus
590 2210 653 2285 eli.
703 2212 765 2287 De
782 2232 856 2309 quo
869 2235 978 2309 quum
994 2212 1190 2309 pessumum
1205 2212 1289 2288 ellet
1305 2213 1370 2288 bo

228 2313 386 2391 minibua
405 2313 575 2390 erudieie.
601 2315 762 2388 mammo
785 2319 946 2389 omnium
979 2315 1096 2407 plausu
1118 2317 1266 2413 excepti
1290 2316 1371 2394 sunl

228 2431 404 2487 canori
434 2433 476 2488 et
497 2434 831 2490 canrrnraerr
856 2413 1040 2491 doaiiiuni
1059 2415 1209 2504 labores,
1235 2417 1371 2513 quibua

229 2535 378 2592 omnem
398 2513 522 2591 madae
538 2534 574 2592 et
592 2518 725 2619 infime
737 2517 936 2594 &uuum
956 2519 1105 2617 copiam
1117 2517 1319 2617 complodi
1336 2542 1371 2599 et

144 2651 147 2656 ⁴
229 2619 446 2716 explicemur
463 2617 616 2694 reddere
636 2622 754 2694 conati
777 2620 863 2694 sunt.

250 2767 257 2780 ·
344 2717 393 2794 Er
434 2740 644 2796 cancri
679 2721 824 2819 quidem
860 2718 1089 2808 Glodarium,
1133 2721 1371 2820 quadraginta

219 2821 311 2899 ‚lere
340 2841 424 2897 anae
453 2843 582 2906 mnes.
617 2827 746 2900 aeirie
767 2819 973 2898 dosliliuais
1001 2825 1175 2929 raanan,
1198 2822 1371 2902 datatim

220 2937 272 2999 'et
290 2924 367 3000 dila
396 2925 644 3011 emendarum,
681 2927 838 3013 austum,
875 2949 1049 3023 nouoque
1076 2925 1266 3023 aptendore
1289 2928 1371 3004 edi

230 3042 328 3109 nur,
370 3045 471 3101 tantu
501 3027 553 3102 eb
582 3026 678 3126 apud
713 3030 876 3106 ornniiam
906 3031 1069 3127 gentium
1106 3029 1268 3103 eruditos
1299 3026 1371 3102 ho

229 3132 546 3217 nemetumque,
575 3151 618 3206 ut
635 3151 710 3205 nnn
727 3152 822 3227 apua
844 3128 902 3212 lit,
929 3133 1037 3205 ineo
1060 3131 1219 3227 pluribus
1242 3127 1371 3208 vecbia

229 3229 407 3304 laudando
421 3234 649 3307 commorari.
702 3229 763 3308 De
789 3254 1126 3307 caniturarum
1155 3251 1271 3326 opere
1287 3246 1370 3308 tan¹

107 3377 112 3388 ι
228 3345 320 3416 tum,
340 3331 467 3408 nolitia
483 3335 519 3406 in
541 3335 618 3409 orie
639 3333 732 3410 baud
754 3336 801 3409 ita
823 3337 1023 3422 celebrato,
1049 3353 1160 3429 pauca
1182 3333 1258 3405 sunt
1282 3351 1371 3411 mo

228 3435 360 3507 nenda.
405 3437 451 3506 'ln
469 3434 615 3510 edendo
636 3435 763 3536 cangii
787 3435 962 3511 Gloliario
983 3440 1053 3511 iam
1077 3436 1259 3530 potiorem
1277 3430 1321 3510 in
1340 3439 1371 3516 sa

225 3533 395 3610 lumserat
408 3553 545 3629 partem
561 3541 618 3611 vir
633 3539 774 3628 donus,
796 3557 834 3613 et
849 3541 976 3633 quinto
989 3537 1174 3612 volumine
1196 3557 1225 3607 a.
1258 3557 1370 3634 ⁸734

230 3636 986 3719 editqomneonuslnillovnoreeubuerat.
1036 3634 1371 3716 Absolutabacedi-

228 3738 351 3815 tione,
378 3759 452 3811 non
487 3740 615 3816 itidem
651 3740 801 3815 studium
824 3742 1055 3835 laboremque
1081 3740 1175 3812 suum
1199 3731 1371 3818 absoluit

226 3838 289 3915 sed
310 3834 461 3914 affiduue
481 3841 548 3914 fuit
571 3846 607 3917 in
629 3843 886 3939 perscrutandis
913 3842 1097 3916 codicibus
1122 3862 1193 3916 tam
1214 3842 1371 3931 impres

228 3938 269 4014 lis
289 3963 393 4036 quam
415 3948 702 4026 manuexaratia.
722 3963 779 4023 et,
801 3967 912 4041 quum
933 3945 968 4016 in
988 3962 1084 4018 tanta
1103 3941 1224 4018 melie-
1251 3960 1370 4035 quan

228 4059 302 4117 tam
332 4043 568 4121 bibliothecae
595 4065 633 4121 et
661 4046 896 4141 diplomatum
923 4046 1043 4120 scrinia
1074 4046 1137 4139 ipsi
1171 4064 1371 4137 aperuere

226 4163 323 4239 opus
346 4144 658 4235 induruerunt,
694 4170 818 4223 nicaei
839 4148 983 4224 tandem
1008 4138 1222 4245 Gsuffarium
1244 4145 1280 4215 in
1316 4151 1370 4228 lu

226 4265 308 4322 cem
336 4247 471 4337 edidit,
509 4250 575 4324 bac
609 4253 860 4347 inscriptione:
906 4245 1119 4352 Gloffara‘um
1150 4268 1274 4322 murem
1320 4279 1371 4332 αι

1207 4347 1371 4449 scripto
