2759 4767
205 206 278 316 '64
606 174 974 291 en'nurnrro
1201 277 1211 315 ς

25 323 30 344 ⁵
123 397 155 442 ·.
217 383 268 450 Ita
284 385 339 450 ille
352 391 386 452 et
398 381 514 448 smiles
526 357 778 467 interpolatores,
799 384 876 448 dum
901 383 1094 470 seruilnnai,
1120 390 1155 450 et
1174 405 1215 462 err¹
1234 384 1357 480 eliorum

25 3991 27 4008 ⁸
71 4115 80 4126 “
201 4017 295 4084 savos
311 4019 467 4104 digerunt,
488 4028 525 4083 ut
540 4016 625 4082 dese
639 4020 753 4084 cecinit

126 527 131 532 ,
218 469 375 536 laboribus
389 468 440 533 sua
455 466 684 533 contaminandi
699 469 842 533 laborant
856 470 1027 567 prurigine,
1046 469 1153 536 sucum
1174 470 1293 540 iaciunt
1312 470 1357 534 Le

218 551 367 619 &oribus
411 547 448 616 ld
462 552 540 631 sane,
560 571 663 638 neque
676 554 798 636 injuria,
818 553 974 638 objestum
990 565 1023 618 et
1036 556 1159 619 crimini
1171 557 1280 622 dabam
1300 557 1357 632 rire

216 650 341 703 caetero
365 639 417 701 nin
431 635 565 699 summae
579 638 776 718 eruditionis,
798 651 831 703 et
855 641 907 702 cui
927 639 1097 721 plurimum
1110 639 1232 703 debent
1250 640 1357 703 literae

216 659 386 788 Laurendo
398 721 491 785 Surio
505 717 694 797 Cartufiano,
712 723 769 805 bui
783 722 816 784 in
829 744 945 805 magno
960 723 1015 786 illo
1038 725 1122 808 quod
1143 722 1307 808 aggressus
1327 721 1357 814 ell

216 829 237 881 ο
277 829 312 871 re
326 809 364 870 de
381 806 453 868 vitis
470 801 663 885 Smstorem,
686 806 844 890 plerasque
861 807 958 890 longe
970 807 1071 886 aliter,
1091 828 1187 892 quam
1199 813 1234 873 in
1253 810 1357 892 scriptb

243 893 384 956 odiclbus
396 888 564 970 descriptas
578 891 748 970 invenerat,
769 891 875 967 edidit,
888 892 1014 954 mutatis
1031 892 1189 957 interdum
1201 894 1357 958 sententiis

214 973 335 1059 saepius
343 975 438 1037 etiam
444 973 642 1058 interpolatis
649 975 809 1040 vocabulis
816 973 1017 1038 insolentibus
1030 996 1066 1039 ac
1084 978 1225 1060 ignotae,
1240 991 1277 1042 ut
1289 980 1357 1041 reba

215 1072 277 1140 tur,
292 1058 342 1122 vel
348 1056 483 1124 difficilis
491 1056 735 1143 significationis,
750 1060 853 1142 inquo
861 1059 986 1143 quidem
992 1071 1149 1144 quotquot
1164 1060 1234 1127 sunt
1248 1063 1357 1146 eruditi

215 1145 285 1229 ejus
292 1142 388 1207 fidem
394 1145 507 1207 merito
514 1142 715 1226 expostulant
729 1143 823 1219 Quod
831 1144 906 1206 inre
912 1144 1049 1220 literaria
1056 1145 1216 1226 damnum,
1223 1145 1357 1212 laborios

214 1229 344 1293 omnino
350 1228 638 1311 cnraacdiligentia
644 1227 792 1377 sufferi
798 1228 965 1294 resarciunt
972 1228 1065 1291 hodie
1073 1231 1133 1294 viri
1148 1230 1240 1314 supra
1249 1234 1357 1297 lauden

116 1391 120 1402 .
214 1333 352 1392 omnem,
372 1313 426 1396 qui
439 1307 625 1397 Sanstorum
645 1334 686 1398 ge
744 1314 781 1376 ab
796 1311 867 1396 ipsis
882 1309 986 1375 heusta
999 1311 1150 1382 sontibus.
1175 1328 1209 1380 et
1226 1313 1357 1400 proutal

214 1399 226 1462 i
248 1395 288 1470 sis
310 1398 405 1461 etiam
428 1406 553 1461 exarata
571 1395 641 1462 sunt
661 1396 851 1476 auctoribus,
868 1395 939 1464 luce
961 1398 1083 1478 publice
1106 1401 1227 1466 donant
1249 1423 1288 1466 ac
1307 1401 1357 1465 illu

256 1492 318 1548 ant.
359 1480 422 1545 Sed
435 1492 469 1544 et
487 1481 565 1545 haec
586 1481 846 1566 interpolatorum
870 1480 990 1545 vesania
1010 1481 1124 1558 effecit,
1156 1494 1193 1547 ut
1213 1481 1356 1567 genuin'

212 1566 341 1632 loannis
353 1565 517 1630 Ioinvillae
530 1563 635 1630 foenus
651 1565 867 1641 desideremus,
902 1586 981 1648 quos
996 1566 1034 1629 ab
1049 1568 1141 1630 editis
1157 1566 1258 1653 longe
1273 1505 1357 1634 abed

213 1652 309 1726 docet
320 1650 514 1734 autographa
526 1648 619 1733 ipsius
633 1649 781 1734 Epistola,
795 1669 888 1734 quam
901 1650 978 1713 olim
991 1648 1214 1732 descripfimus.
1258 1652 1357 1734 strom

213 1732 253 1800 de
266 1738 305 1799 de
318 1734 465 1818 ejusmodi
478 1733 688 1816 Scriptoribus
702 1736 786 1799 idem
807 1735 910 1798 dicere
927 1735 1032 1812 liceat,
1061 1735 1147 1819 quod
1168 1737 1209 1802 de
1229 1739 1357 1824 pueruli

90 1873 93 1880 .
214 1819 457 1900 δοΙδιιῑὶθηίἰδιιε
469 1818 696 1908 d),quilisrguae
708 1818 850 1904 offenfione
857 1818 934 1899 firm
948 1819 1088 1882 dulciores.
1201 1851 1204 1858 »

737 1985 765 2051 L
830 2034 839 2051 .
1061 2045 1068 2060 .

273 2123 277 2129 ’
408 2102 556 2185 Coofilium
577 2090 613 2162 ιε’
627 2102 706 2167 labor
725 1984 923 2168 myadllnmdo
935 2103 1011 2166 hocce
1027 2104 1174 2188 Gloffario.

288 2285 293 2294 «
322 2240 430 2325 Atque
442 2239 493 2304 his
507 2237 632 2324 quidem
646 2237 810 2320 hedenus,
829 2241 869 2304 de
882 2239 979 2305 caulis
998 2219 1172 2324 corruptae
1191 2239 1357 2330 Latinitati

211 2327 252 2393 ad
265 2322 450 2391 Glossarium
462 2326 496 2388 in
508 2320 696 2387 anteceffum
730 2327 897 2406 raelibatis,
918 2327 1012 2390 modo
1026 2325 1165 2407 superest
1180 2341 1217 2392 ut
1231 2327 1326 2392 nostri
1340 2330 1357 2418 ir

210 2411 273 2475 hoc
287 2410 502 2493 aggrediendo
516 2428 611 2493 opere
632 2429 671 2471 co
731 2411 749 2424 ''
772 2412 926 2474 rationem
944 2411 1080 2492 aperiam
1105 2410 1249 2488 Leslori,
1280 2425 1317 2478 nt
1335 2435 1357 2496 ar

211 2493 290 2560 illud
305 2494 356 2557 vel
378 2495 614 2579 perlegendum,
641 2493 691 2557 vel
712 2493 941 2575 consulendum
964 2506 1056 2575 prout
1074 2494 1222 2576 libuerit,
1243 2497 1357 2562 edoitu

210 2580 345 2645 mcedat.
391 2576 534 2643 Emensis
547 2587 716 2661 utcumque
730 2577 857 2642 classicis
871 2599 907 2642 ac
921 2579 1090 2658 veteribus,
1125 2583 1167 2645 ad
1187 2585 1356 2648 recentiori

211 2664 322 2728 aetatis
335 2661 492 2746 utriusque
506 2662 632 2746 liuguae
639 2660 816 2745 Scriptores
829 2661 936 2727 accessi
950 2685 990 2725 eo
1002 2661 1182 2747 lubentius,
1197 2669 1285 2752 qnod
1305 2688 1357 2733 cun

209 2767 292 2830 nova
306 2748 437 2830 prorsus.
451 2767 488 2811 ac
508 2747 585 2811 mihi
606 2757 698 2811 antea
716 2750 881 2832 peregrina
898 2768 941 2811 err
958 2749 999 2811 iia
1020 2749 1219 2816 addiscerem
1241 2756 1275 2818 in
1298 2757 1357 2818 dies

209 2852 274 2896 non
292 2833 441 2896 mediocri
453 2833 525 2895 inde
539 2829 645 2895 sensim
658 2832 752 2896 animi
767 2833 926 2915 voluptate
943 2831 1096 2897 afficerer.
1145 2836 1232 2902 Nam
1247 2837 1304 2903 etsi
1323 2831 1357 2902 ab

209 2901 394 3002 quantulum
411 2918 585 2980 deterreret
606 2915 732 2980 insulsus
754 2914 899 2980 distionis
918 2914 1086 2994 charaster,
1122 2923 1293 2990 censebam
1313 2945 1357 2992 not

208 3010 274 3066 tam
287 2998 448 3085 spestcndc
461 3002 563 3078 verba,
606 3021 678 3065 uam
692 3020 743 3064 res
758 3000 905 3084 ejusmodi
919 3014 1024 3065 mente
1032 3004 1241 3090 retinendas,
1263 3029 1356 3095 quas¹

207 3087 553 3188 probamelatinitetisa
607 3087 1357 3187 oribusedoceriminimeliceret:cumpraetera

206 3170 1357 3342 iispfiiiffiliffiiffifflmmlffihuiiiiffifliff{dipsitis

206 3277 368 3425 mordlque
374 3341 527 3441 majorum
533 3338 715 3418 nostrorum
729 3349 797 3404 tum
808 3342 847 3440 ad
854 3342 1030 3439 vulgarium
1038 3361 1155 3438 vocmn
1168 3347 1321 3449 origines
1332 3370 1357 3414 rt

206 3424 1357 3586 sss‘snsst‘saisitusstuttfflssrrsalbsestl

165 3627 173 3636 ν
208 3591 320 3672 firmae
335 3593 420 3658 aliud
433 3594 501 3658 sere
513 3597 637 3678 agendo
651 3615 758 3659 rerum
771 3596 931 3662 inferioris
939 3593 1048 3657 aetatis
1055 3593 1211 3662 immensa
1220 3621 1306 3685 pene
1316 3605 1357 3670 sui

209 3678 450 3761 creveritsegeu,
465 3682 608 3763 quamita
615 3677 806 3764 digesseram,
819 3691 866 3758 ut,
878 3677 1076 3754 camliberet
1092 3675 1228 3749 facilius
1238 3691 1357 3774 quaesit

209 3775 416 3850 occurrerent„
441 3770 471 3844 c)
481 3763 638 3848 Quicquid
644 3761 869 3828 enimlesiione
877 3757 1107 3837 colledtumest,
1124 3763 1236 3854 stylus
1251 3777 1357 3861 rgdegp

207 3849 373 3930 incorpua,
391 3857 424 3910 et
431 3867 506 3930 apes
515 3851 628 3914 imitati
640 3869 720 3932 quae
729 3861 888 3933 vagantur,
904 3859 936 3909 et
953 3844 1050 3910 flores
1066 3849 1184 3918 admei
1195 3856 1357 3926 laciendur

206 3934 338 4000 idoneos
370 3946 510 4015 carpunt,
544 3934 665 4014 deinde,
694 3933 838 4084 qniclmd
861 3929 1297 4095 alttulerghldlisponuntdgc
1323 3967 1357 4029 pe

791 4036 865 4082 uere
891 4035 946 4079 1¹⁵2
1063 4038 1163 4092 anos
1186 4029 1227 4094 lti
1251 4052 1306 4096 em
1329 4035 1357 4095 dr

305 4207 337 4281 l)
350 4210 377 4263 S.
390 4206 493 4266 mena
509 4206 614 4280 Effa-
824 4202 856 4276 e)
872 4206 964 4263 scaea
980 4204 1057 4274 lipsi.
1072 4211 1113 4271 ts.
1153 4279 1156 4290 Ι
1304 4137 1325 4201 p
