2759 4767
199 241 256 357 56
404 271 419 305 ·
527 267 949 342 ,ennarnrro
1040 215 1067 264 ”

198 440 325 516 tegrum
339 430 372 494 in
389 427 581 497 Bibliotheca
597 428 748 494 Vaticana
768 443 873 496 extare
895 433 990 495 etiam
1011 428 1183 495 didicimus.
1234 427 1344 513 Longe

199 522 285 602 enim
300 533 372 580 ante
389 518 511 593 Papiam
526 515 672 597 scripturn
685 535 823 599 apparet,
844 539 914 580 cum
929 515 1026 579 multa
1041 518 1199 580 contineat
1214 516 1345 579 vocabu·

200 602 241 682 la,
262 620 341 686 quae
357 602 412 664 ille
423 620 486 662 non
499 599 601 678 habet,
622 599 794 684 Papiaeque
810 623 873 664 non
891 602 1075 680 meminerit,
1096 600 1146 664 sed
1168 600 1344 681 Scriptores

200 687 338 760 claliicos
366 685 542 768 praesertim
576 684 730 747 recenseat
759 681 907 768 citetque‘,
941 684 1134 766 Ciceronem,
1168 684 1344 768 Virgilium,

199 771 367 847 Placidum,
386 768 582 851 Eutropium,
611 766 765 848 Orofiunr,
795 768 954 850 lfidorum,
990 769 1186 854 Eucherium,
1214 768 1347 833 Ambro-

200 854 287 935 fium,
311 854 541 935 Hippocratem,
564 849 727 933 Galerium,
748 853 930 936 Origenem,
953 852 1005 915 seu
1019 873 1128 917 eorum
1144 864 1345 937 interpretes,

199 953 343 1024 praetere
351 958 430 1021 aque
437 936 567 1017 Glbss'as,
580 957 657 1021 quas
666 939 785 1019 saepius
801 933 1121 1019 nomineAnriquaram
1132 937 1345 1024 Grofflramdo

24 1009 25 1022 ¹
59 1045 63 1054 ’
199 1041 309 1088 namus
326 1023 357 1084 in
372 1020 475 1084 nostro
484 1019 644 1087 Gloffario.
684 1020 803 1085 Glossas
815 1020 991 1085 Salomonis
1002 1033 1072 1082 non·
1082 1021 1174 1084 semel
1192 1022 1297 1085 laudat
1312 1025 1346 1101 q)

160 1159 169 1177 1
198 1105 375 1185 Goldastus‚
396 1127 474 1190 quas
489 1119 595 1170 extare
610 1108 655 1172 ait
676 1105 880 1186 Constantine,
909 1117 942 1167 et
965 1106 998 1167 in
1019 1104 1180 1169 Coenobio
1204 1105 1235 1170 S.
1257 1102 1349 1182 Galli,

199 1205 236 1256 ut
252 1206 285 1254 et
300 1191 415 1254 librum
430 1194 469 1253 de
486 1189 612 1274 Septem
627 1193 746 1255 artibus
763 1191 950 1254 liberalibus.
994 1186 1055 1252 Sed
1068 1201 1101 1252 et
1124 1190 1156 1274 a)
1171 1191 1246 1254 alibi
1269 1190 1349 1252 lide·

199 1287 251 1340 tur
267 1278 394 1338 innuere
411 1273 594 1339 Gloliariurn
608 1275 696 1354 istud,
715 1277 799 1360 quod
813 1297 852 1338 ex
866 1274 1011 1337 omnibus
1035 1284 1174 1337 veterum
1190 1271 1349 1340 Gloliariis

201 1358 370 1425 miletium
401 1361 455 1439 ait,
486 1361 524 1424 ab
546 1361 634 1423 isone
668 1359 813 1444 Magistro
836 1358 990 1421 Monacho
1013 1354 1044 1421 S.
1070 1358 1163 1437 Galli,
1197 1360 1251 1443 qui
1272 1357 1349 1421 obiit

201 1466 283 1508 atino
299 1455 531 1508 mccccxx1.ut
554 1442 663 1507 audior
684 1443 728 1506 est
752 1444 964 1525 Hepidannus,
992 1444 1119 1505 nomine
1142 1443 1212 1507 disci
1236 1442 1281 1504 uli
1305 1438 1350 1504 sui

199 1527 375 1594 Salomonis
389 1526 627 1593 Constantiensrs
641 1528 783 1611 Episcopi
798 1526 886 1591 fuisse
901 1529 1027 1590 editum.
1071 1528 1176 1610 Atque
1191 1527 1269 1588 illud
1284 1524 1354 1606 qui·

201 1615 274 1679 dem
288 1610 481 1760 Gloffarium,
502 1615 587 1697 quod
602 1615 756 1688 interdurn
772 1612 1050 1695 longobardicum,
1072 1612 1227 1673 interdum
1242 1608 1352 1672 Eccle-

201 1698 262 1763 iiae
292 1697 359 1766 Pari
372 1695 461 1760 tensis
490 1698 693 1781 appellamus,
727 1699 858 1760 caeteris
890 1715 968 1779 quae
998 1694 1149 1758 absecuta
1174 1695 1253 1769 sunt,
1278 1693 1351 1777 jure

201 1782 352 1868 praeferri
375 1783 476 1860 debet,
511 1802 582 1844 cum
605 1803 645 1844 ex
669 1784 771 1863 pravis
796 1782 858 1844 illis
882 1801 917 1842 ac
943 1777 1070 1842 semibar'
1084 1783 1152 1841 aris
1176 1778 1349 1856 vocabulis

199 1887 280 1952 quae
295 1888 332 1930 ea
348 1867 506 1944 induxere,
527 1863 577 1929 vix
596 1871 599 1880 '
614 1866 712 1942 abeat,
733 1877 855 1947 praeter
870 1886 907 1926 ea
922 1883 1001 1947 quae
1017 1862 1174 1926 exGloffis
1192 1863 1349 1925 interdum

199 1952 318 2035 aliquot
332 1951 455 2024 laudat3
477 1949 527 2014 sed
542 1949 716 2034 synonyma
731 1949 901 2030 complura,
921 1966 1019 2032 eaque
1041 1959 1060 2009 a
1083 1949 1189 2030 probis
1213 1947 1348 2030 Scripto-

201 2038 287 2100 ribus
309 2038 440 2119 repetita
464 2036 630 2098 contineat
682 2030 799 2095 Verum
821 2035 875 2116 qui
907 2032 993 2096 illius
1017 2030 1177 2095 auftorem
1200 2043 1351 2120 excepere

41 2089 44 2098 .
74 2131 78 2140 “
202 2121 349 2204 deinceps
365 2117 513 2204 ejubnodi
528 2113 701 2179 Glol'samm
716 2115 914 2195 collectores,
942 2137 1007 2180 non
1030 2137 1079 2198 eo,
1108 2137 1171 2200 quo
1197 2136 1254 2199 par
1274 2125 1350 2192 erat,

99 2205 101 2210 ’
201 2203 327 2270 detesto
352 2201 501 2268 vocabula
523 2199 584 2262 suis
609 2201 873 2265 lucubrationibus
898 2200 1066 2275 intrusere3
1095 2202 1146 2265 sed
1168 2200 1350 2281 posthabitis

200 2290 252 2368 iis,
274 2309 353 2372 quae
369 2286 483 2350 cultior
495 2284 633 2367 agnoscit
650 2283 809 2364 Latinitas,
831 2306 912 2348 nova
930 2284 980 2374 *1⁶¹
1000 2305 1019 2347 a
1041 2285 1071 2348 se
1092 2284 1239 2363 connita,
1268 2284 1351 2347 vela

191 2373 417 2438 semibarbaris
425 2370 607 2452 deprompta
622 2366 829 2451 scriptoribus
843 2370 937 2447 malo,
957 2379 993 2432 nt
1015 2372 1110 2448 aiunt,
1134 2369 1204 2433 fato
1228 2371 1351 2433 induxe-

201 2477 246 2523 re.
288 2451 364 2520 lnde
379 2456 463 2518 enirn
478 2453 599 2523 accidit,
620 2462 657 2516 ut
679 2455 794 2534 artium
817 2474 854 2516 ac
876 2453 1103 2536 disciplinarum
1125 2454 1270 2538 Magistri
1297 2454 1352 2517 har

203 2541 395 2607 novitiorum
410 2558 501 2602 curas
516 2548 550 2601 et
563 2535 709 2600 infaustas
729 2540 952 2602 racemationes
977 2551 1118 2601 veterum
1141 2536 1353 2603 eruditissimis

97 2653 102 2668 ¹
203 2622 487 2711 perfefflli‘uniilue
501 2622 751 2704 Commentariis,
778 2625 831 2708 qui
851 2624 990 2686 nativum
1011 2621 1183 2686 sermonem
1208 2623 1352 2686 Latinum

187 2722 266 2775 'una
280 2730 352 2773 cum
365 2707 447 2772 laete
463 2719 603 2770 materno
624 2706 823 2786 imbiberunt,
850 2717 1085 2790 anteponerent,
1118 2719 1151 2770 et
1173 2709 1210 2771 in
1229 2707 1353 2773 Scholia

204 2795 276 2874 suis,
297 2795 404 2878 pueris
417 2793 467 2856 vel
481 2790 685 2871 addicendus,
708 2791 758 2855 vel
773 2791 973 2856 consulendas
998 2801 1151 2858 curarent.
1206 2794 1297 2857 Adeo
1318 2799 1354 2852 ut

204 2880 337 2943 nesciam
351 2898 390 2942 an
404 2878 490 2941 nulla
505 2896 640 2961 unquam
654 2877 791 2939 deterior
805 2876 897 2960 pestis
914 2878 1071 2959 juventuti
1095 2871 1353 2961 corrumpendae,

204 2974 269 3028 eta
284 2964 372 3048 regia
386 2975 527 3026 veterum
542 2963 592 3024 via
606 2961 802 3023 deducendae
816 2959 947 3045 graliata
963 2961 1068 3041 fuerit,
1087 2981 1180 3046 quam
1196 2983 1268 3026 curn
1284 2980 1353 3043 pro·

206 3048 326 3133 fligatis
342 3047 561 3111 etinexilium
586 3043 679 3108 millis
706 3047 873 3124 veteribus,
905 3044 1082 3127 dispendiofi
1108 3066 1264 3110 novorum
1285 3043 1356 3111 isto-

119 3183 125 3192 .
204 3152 276 3198 rum
292 3133 456 3198 hominum
468 3129 691 3196 Commentarii
706 3130 740 3192 in
753 3130 881 3196 illorum
894 3132 1001 3195 locum
1012 3130 1170 3215 subrogati
1184 3131 1266 3195 siunt
1324 3162 1326 3165 ·

461 3371 581 3455 aenea·
607 3285 776 3454 orna-iffa:
792 3286 1088 3435 iam-smmum.

104 3537 112 3544 .
256 3502 262 3508 ·
304 3491 334 3564 s)
354 3483 484 3564 Eodem,
512 3507 576 3573 quo
596 3486 745 3553 Salomon
769 3489 1005 3554 Constantienlis
1026 3487 1195 3571 Episcopus
1220 3483 1356 3563 saeculo,

209 3571 286 3636 vixit
318 3570 613 3638 AELFRICVS
653 3576 787 3658 Anglus,
824 3577 931 3641 Abbas
963 3570 1205 3650 Abindonensra,
1242 3575 1356 3637 deinde

206 3655 465 3738 Archiepiscopus
477 3655 714 3732 Cantuarienlis,
735 3664 787 3744 qui
803 3682 866 3724 non
882 3663 976 3722 modo
997 3658 1237 3722 Grammaticam
1261 3658 1356 3723 Saxo·

206 3740 456 3819 nico-Latinam,
477 3741 575 3804 sedet
596 3742 779 3808 Gloffnriunr
805 3743 1135 3823 Latino-Saxonicum,
1161 3764 1225 3806 non
1250 3744 1356 3806 litera·

70 3873 79 3894 .
207 3843 277 3888 rum
290 3826 412 3909 quidem
426 3827 545 3902 ordine,
564 3825 616 3888 sed
629 3827 792 3892 secundum
806 3843 891 3893 certa
906 3848 1009 3890 rerum
1035 3847 1072 3890 ac
1094 3838 1356 3910 argumentorum

206 3912 306 3992 capita
322 3908 505 3993 conscripsrt,
526 3914 637 3993 inquo
653 3916 813 3996 complura
829 3913 985 3994 vocabula,
1005 3924 1059 3976 aut
1073 3932 1156 3977 nove
1178 3909 1272 3991 dieta,
1300 3923 1357 4013 aut

305 4038 309 4046 .
1258 4018 1355 4061 rano-

27 4099 29 4114 '
138 4153 140 4157 ,
239 4110 313 4177 ssiu
328 4113 757 4181 Noae.ads.Vaaraap.2o=.1-e
835 4120 859 4184 r)
878 4116 943 4170 idem
952 4077 1357 4185 Goldallindl'amarmirispapr.

199 4180 239 4236 d
252 4183 340 4246 Versus
350 4184 498 4245 Columbini,
511 4197 536 4235 er
548 4186 567 4235 1.
574 4202 593 4234 r.
609 4188 751 4250 eil-mm·

203 4267 254 4314 aa·
272 4251 487 4305 salmana.
831 4217 856 4286 ³)
873 4219 1306 4289 100⁸·Pirsensde5criueoe.aagr.

1247 4419 1256 4454 l
