2759 4767
183 165 244 269 44
463 163 932 242 1·¹nnaertrro

150 315 159 336 ”
184 339 239 425 qui
254 333 354 424 longe
364 337 480 423 potiori
498 335 670 424 majorique
688 347 777 402 erant
794 347 1034 421 numero'quam
1047 337 1169 408 barbari
1183 335 1249 422 ipsu,
1301 357 1342 401 u

183 426 242 489 bus
257 426 280 489 ii
293 425 449 508 parebant,
472 441 544 485 cum
558 422 691 505 denique
707 423 858 487 Romanis
871 423 970 487 Gallis
984 425 1093 506 ignota
1114 424 1237 506 prorsus
1263 444 1284 485 e
1325 443 1342 485 e

181 508 306 592 lingua
321 510 485 573 barbarica.
527 505 564 570 ld
579 523 674 590 porro
685 527 749 570 non
764 510 892 571 minime
906 509 945 570 ad
957 507 1083 572 Latinae
1097 507 1237 592 Linguae
1254 528 1342 570 con

166 595 412 657 ‘mandationem
427 594 582 666 conducit,
610 593 694 675 quod
715 595 797 656 inter
819 600 876 655 tot'
891 593 1088 678 barbararmu
1108 595 1255 676 gentium
1275 587 1342 656 ub

182 697 244 762 que
260 678 327 741 sere
339 687 491 742 terrarum
504 675 589 761 quast
602 678 825 740 exundationes
841 678 871 741 se
886 678 915 739 se
930 688 1097 760 utcumque
1112 679 1237 740 servarit
1253 679 1342 740 incr

174 763 316 826 lumem:
336 764 379 825 ita
401 771 437 825 ut
456 760 596 826 Romana
616 760 754 825 Ecclelia
775 765 934 844 propriam
955 760 1011 825 fibi
1034 761 1183 836 effecerit,
1212 775 1247 824 et
1264 782 1342 825 ‘car

179 855 268 910 terne
285 848 437 927 nationes,
458 848 553 910 etiam
571 845 798 926 remotissimae,
821 857 854 908 et
868 866 945 932 quas
960 845 1094 910 Romani
1109 865 1269 930 nunquam
1300 863 1342 911 at

93 981 97 994 .
121 925 128 941 ‘
179 932 327 1015 tigerint,
348 950 412 1000 non
426 933 459 994 in
473 930 596 996 Scholis
611 933 708 994 modo
723 932 868 1015 publicis,
885 951 995 993 verum
1008 931 1104 994 etiam
1117 933 1150 995 in
1165 929 1243 995 ustis
1266 930 1342 995 fer

179 1017 323 1080 omnibus
338 1036 376 1079 ea
388 1014 436 1080 uli
449 1018 604 1102 legantur.
647 1015 740 1083 Vnde
756 1025 860 1079 ortum
874 1016 985 1078 deinde
1005 1026 1042 1079 ut
1064 1014 1201 1079 Ecclefia
1223 1015 1342 1080 Roma

179 1117 231 1179 nr,
254 1103 370 1162 Lminae
385 1103 509 1186 Linguae
529 1101 764 1166 nomenclatura
787 1101 980 1183 intelligatur
997 1102 1035 1167 iu
1060 1102 1193 1185 quodam
1214 1100 1244 1180 I)
1269 1095 1342 1166 Sta

177 1183 275 1268 phani
300 1183 356 1249 PP.
376 1182 434 1249 lx.
456 1185 643 1268 diplomate:
671 1191 702 1247 in
721 1209 837 1269 quorum
848 1185 927 1267 sone
950 1207 1002 1247 non
1022 1189 1140 1267 iarfcrim
1163 1186 1342 1269 Uutuacery

181 1270 354 1345 camoliam,
374 1271 453 1354 quod
459 1272 494 1331 ab
507 1270 633 1353 ipfivsuae
642 1272 825 1353 fundmionir
830 1272 981 1366 primordio
995 1269 1121 1331 botlenus
1133 1267 1239 1329 evr'brut
1253 1270 1310 1330 lon

40 1361 47 1366 ’
178 1353 613 1444 latequesautiaeconversarionis
620 1357 710 1438 jubar
720 1354 930 1437 santiifflmam:
956 1356 1021 1416 adeo
1035 1374 1068 1414 at
1081 1353 1212 1435 fmieado
1235 1372 1265 1411 er
1293 1295 1342 1416 (Ξ

173 1421 261 1499 dendo
275 1444 410 1513 extiterit,
426 1459 455 1498 et
467 1440 567 1518 existat
584 1441 741 1515 Gallicanis,
767 1440 946 1514 amnicis,
967 1439 1070 1499 1ταὶἰώ
1082 1455 1110 1496 er
1125 1437 1208 1518 plano
1231 1441 1342 1499 cun&

178 1523 295 1583 larium
308 1524 630 1607 Linguae'Mmasteriis
637 1526 737 1606 forma
753 1524 986 1607 atquespeculam.
1029 1522 1137 1604 Atque
1149 1520 1189 1582 id*
1204 1521 1342 1606 quiden

177 1605 211 1674 in
226 1603 328 1678 Gallia
342 1605 445 1670 nostra
461 1606 503 1670 sic
518 1608 661 1681 obtinuit,
681 1616 764 1672 utet
781 1608 849 1671 aaa
863 1607 983 1690 publica
998 1626 1035 1668 ac
1048 1607 1167 1688 privata
1181 1604 1342 1688 pleraque

90 1699 100 1722 ⁶
177 1698 212 1752 et
223 1689 363 1773 suprema
377 1690 542 1755 Clarium
557 1691 683 1775 judicia,
703 1693 815 1767 Latino
829 1692 896 1753 fere
914 1691 1061 1754 idiomate
1085 1689 1204 1772 semper
1225 1690 1342 1756 deseri

176 1775 335 1859 petentur,
356 1775 551 1864 quodserius
566 1778 695 1842 delitum
710 1779 737 1841 F
736 1776 870 1840 rancisco
885 1775 912 1840 1.
926 1783 1099 1866 regnante,¹
1160 1819 1164 1828 a

185 1965 191 1977 ’
254 2028 257 2031 ’
323 1901 1178 2086 nafaasmmfflaamfomai

185 2119 335 2280 ,inungi
355 2112 748 2281 ’ἒὲἓᾷἁέἓὲιῇρέἓὲ
759 2111 931 2262 iifffiiqqqqt,
945 2112 1342 2282 qqltaegquisulqorplinppsqlpg

174 2244 187 2282 ἃ
336 2247 345 2277 r
756 2240 767 2252 ·
909 2247 918 2277 a
1252 2241 1262 2256 ⁸

45 2329 49 2334 -
100 2261 102 2266 .
175 2295 301 2365 ,aetate
322 2281 449 2343 fuerunt
467 2282 627 2364 vocabula,
648 2293 797 2366 tanquam
811 2286 969 2346 variorum
983 2282 1136 2366 cujusdam
1151 2281 1239 2364 longi
1258 2282 1342 2344 anni

174 2357 374 2449 ¹,tternporum
389 2367 500 2432 baccas
515 2377 549 2438 et
562 2357 673 2450 fruges
696 2383 729 2429 et
748 2369 947 2447 vindemiam,
977 2369 1010 2429 in
1030 2366 1163 2445 bibres,
1184 2361 1269 2448 quali
1301 2365 1342 2427 in

174 2450 341 2534 „quasdam
355 2451 457 2514 cellas.
468 2461 501 2513 et
517 2450 630 2514 horrea
644 2461 677 2515 et
690 2452 798 2534 specus
822 2453 1017 2514 condiderint
1034 2463 1106 2513 ante
1129 2451 1227 2533 longo
1252 2457 1342 2511 tem-

175 2553 284 2616 „pore,
313 2545 345 2596 et
367 2536 550 2600 invexerint.
601 2538 708 2620 ltaque
735 2538 886 2620 quaedam
908 2538 941 2598 in
963 2536 1106 2600 dulcibus
1130 2556 1165 2597 ac
1187 2533 1342 2596 suavibus

174 2618 695 2720 „Commentatiouibusgtanquqm
709 2622 741 2683 in
757 2621 899 2683 melleet
914 2618 1008 2703 palso,
1032 2636 1065 2684 et
1089 2620 1213 2692 defruto
1233 2618 1342 2680 serva-

174 2711 241 2798 ηαξ,
262 2704 413 2786 quaedam
427 2706 459 2766 in
474 2706 728 2790 contentionibus
744 2707 866 2768 acribus
882 2717 915 2766 et
928 2705 1175 2781 vehementibus,
1197 2700 1281 2786 quali
1299 2703 1342 2766 in

174 2785 331 2935 „thqu
352 2789 425 2853 salso
448 2799 541 2873 atque
564 2790 670 2871 aspero
695 2790 785 2853 succo
801 2800 833 2850 et
848 2791 924 2852 dura
939 2792 1039 2852 muria
1055 2798 1212 2871 cooperta,
1234 2806 1338 2870 quae.

174 2917 195 2958 „
230 2875 234 2886 '
283 2874 315 2934 in
328 2874 432 2958 parvis
450 2885 483 2935 et
499 2872 630 2937 exilibus
647 2874 811 2957 opusculis,
830 2871 912 2958 quali
935 2876 967 2937 in
992 2875 1088 2953 seriis,
1111 2887 1144 2935 et
1167 2872 1267 2954 cupis,
1298 2881 1342 2935 et

173 2955 333 3040 „doliolis,
374 2957 503 3020 uaedam
516 2960 548 3020 in
565 2961 687 3042 magnis
704 2970 737 3021 et
751 2959 930 3044 ingentibus
946 2959 1169 3034 voluminibus,
1180 2971 1341 3038 tanquam

172 3043 230 3152 ,qiu
248 3042 331 3105 vastb
346 2978 436 3123 idedu
453 3039 546 3128 atque
559 3043 675 3107 horre'o
688 3043 839 3123 conclusa,
871 3043 965 3128 usque
986 3045 1025 3106 ad
1049 3053 1107 3104 no's
1131 3041 1261 3122 integra,
1294 3040 1342 3102 il.

174 3125 284 3211 „laesa
309 3123 435 3202 intal'ca,
455 3146 533 3210 pura
552 3144 689 3212 putaque
711 3137 872 3191 venerunt.
915 3130 951 3191 ln
975 3128 1036 3190 hoc
1056 3145 1141 3208 penu
1162 3123 1213 3200 est,
1240 3119 1339 3202 quid.

173 3212 269 3294 ,quid
304 3207 390 3279 illius
405 3231 513 3276 ‚verae
543 3231 590 3277 ac·
607 3213 730 3276 veteris*
750 3211 893 3295 Linguae
922 3211 1027 3274 foetus
1051 3228 1086 3272 ac
1111 3205 1232 3271 rruttus
1256 3205 1339 3292 suit,

173 3285 445 3380 ,quicquldwtra
457 3293 510 3375 est,
533 3297 668 3378 spurium
681 3296 736 3374 est,
757 3299 963 3372 adulterinum
980 3294 1033 3377 est,
1059 3315 1117 3356 nec
1140 3309 1335 3378 germanum

120 3407 125 3414 ’
174 3395 367 3472 ,ac‘verum
388 3383 439 3446 sed
453 3383 637 3458 adscititium
650 3404 685 3447 ac
701 3382 932 3446 succedaneum.
974 3381 1017 3445 Et
1030 3396 1216 3464 quamquam
1230 3376 1333 3457 pluri·

174 3485 247 3546 „rna
292 3463 396 3527 uidem
426 3466 581 3532 amifimus
626 3488 661 3531 er
681 3470 833 3552 temporis
852 3465 1003 3548 injuriam,
1030 3483 1110 3546 qnae
1124 3459 1175 3523 vel
1189 3458 1333 3527 extint'ta

174 3483 320 3632 ,3prorllas
345 3547 541 3630 interierunt,
568 3487 624 3616 vel
644 3553 756 3635 abdita,
777 3570 878 3635 neque
900 3552 973 3613 dum
986 3558 1110 3631 reperta
1128 3545 1330 3630 ignorantur,

174 3641 345 3718 ,magnum
366 3643 470 3697 tamen
492 3634 676 3718 theffiurum,
703 3646 738 3700 et
758 3635 912 3698 infinitam
932 3635 1054 3716 copiam
1078 3631 1266 3696 Graecarum
1287 3651 1330 3694 ac

173 3717 376 3800 ,umnam
386 3711 505 3782 'vocum
517 3723 702 3806 reperimus,
723 3743 759 3785 ac
774 3723 807 3784 in
820 3719 874 3782 usu
889 3720 1048 3781 habemus.
1091 3714 1173 3781 Nam
1188 3724 1328 3798 praeter.

174 3811 290 3886 „quam
304 3805 388 3887 quod
400 3804 434 3867 in
449 3815 591 3871 veterum
612 3803 805 3890 Scriptorum
820 3804 1038 3866 ‘monumentis
1059 3811 1145 3884 patet
1168 3799 1327 3880 omnibus,

174 3886 345 3971 „emersere
359 3889 484 3955 subinde
497 3893 543 3955 rei
563 3891 719 3959 literariae
739 3875 870 3984 studiosi,
892 3888 1003 3970 quibus
1022 3907 1116 3951 curae
1132 3885 1195 3949 fuit
1207 3881 1326 4031 aldid?

209 4121 236 4189 l)
254 4121 401 4180 aunario
408 4125 512 4182 Uerria
522 4143 590 4200 Μ.
