2759 4767
211 196 242 286 6
482 213 778 282 ansrsanro
810 212 1066 281 unisonus

140 379 143 384 ⁴
215 365 291 453 ms,
312 362 431 444 lanes
451 358 550 458 ligno
572 359 647 455 (l)
675 358 907 438 suntuotats.
962 355 1106 458 Cuique
1125 357 1344 438 verbudell·

215 467 309 544 nitio
349 486 388 542 et
422 463 618 557 explicatio
645 461 766 536 addita
793 462 845 537 est
866 462 985 538 breuis
1007 484 1050 537 ea
1071 463 1238 555 quidem,
1268 462 1345 551 sed,

216 585 383 667 quantum
397 563 471 637 sieri
485 564 619 660 potuit,
644 583 822 653 accurata,
846 565 968 640 vitatis
984 560 1201 660 potillsmum
1215 565 1348 638 verbo·

215 693 294 747 rum
310 666 534 763 ambagibus,
551 665 687 761 ,quibus
709 668 857 737 nimium
877 665 1064 761 indulgent
1084 665 1241 766 Cangius
1259 662 1349 740 Car·

215 770 478 871 pentariusque.
526 764 672 841 Vocum
684 763 967 863 significationes,
982 768 1045 838 vbi
1063 789 1162 842 erant
1176 767 1350 863 multipli-

215 894 276 952 ces
297 888 337 945 et
361 869 499 954 variae,
526 866 571 941 ad
593 869 784 943 meliorem
822 887 1004 964 quemque
1025 888 1083 942 res
1104 871 1175 963 ipsa
1199 868 1351 963 poscere

215 971 425 1057 videbatur,
450 988 640 1045 reuocatae
661 970 738 1043 sunt
759 968 943 1053 ordinem,
970 968 1070 1052 cuius
1092 970 1265 1048 reiteste
1291 972 1356 1046 ba·

213 1072 339 1164 bemus
363 1070 536 1149 vocabule
563 1071 697 1159 Assar,
736 1066 858 1153 Altus,
894 1067 1054 1156 duonum
1080 1089 1118 1144 et
1144 1072 1209 1146 alis
1233 1068 1353 1166 plura.

214 1167 486 1272 Explicationes
501 1172 710 1256 verborum,
735 1191 830 1247 vtet
844 1171 1085 1246 deriuatlones
1099 1174 1219 1246 multis
1240 1175 1274 1245 in
1296 1177 1356 1251 lo-

213 1277 265 1353 cis
280 1276 548 1352 emendauimus
564 1292 601 1348 et
612 1273 870 1360 illdstrauimus,
888 1268 1107 1370 potissimum
1122 1296 1198 1368 ope
1208 1276 1356 1366 baguae

213 1375 451 1453 Germanicae
477 1397 516 1452 et
538 1377 750 1471 reliquarum
780 1377 975 1470 linguarum
1005 1375 1357 1471 septentrionalium¹

212 1502 361 1577 quarum
385 1478 479 1554 dotti
499 1476 753 1554 Glosariorum
775 1477 934 1551 sudores
947 1499 1024 1550 nou
1047 1498 1118 1552 tam
1134 1478 1234 1575 guasi
1248 1501 1357 1556 erant

213 1603 321 1678 quam
347 1579 522 1664 Gallicae,
543 1578 771 1676 Hispaniae,
796 1575 960 1672 Graecae
971 1581 1186 1675 aliarumque
1199 1602 1281 1654 cum
1300 1583 1357 1657 bis

212 1680 500 1771 eoniunllarum3
516 1703 624 1779 quem
640 1679 676 1755 in
690 1679 797 1755 linem
812 1683 917 1755 etiam
927 1678 1142 1756 Germanica
1150 1681 1266 1756 addite
1275 1684 1358 1760 sunt

211 1786 578 1881 nominaaequiuoca,
587 1782 702 1859 vbiad
711 1803 862 1880 etymon
870 1784 1216 1864 vocisillustrandum
1225 1789 1358 1859 nonni-

211 1885 563 1964 hilsacerevisasunt.
605 1881 1358 1986 Lucaediplomatibusetscriptoribusex·

200 2008 354 2085 sorpta,
366 1990 403 2063 in
419 1986 546 2085 quibus
558 1984 799 2084 congerendis
812 2007 930 2080 aequo
936 1986 1152 2082 profusores
1159 1986 1251 2060 baud
1269 2011 1359 2065 raro

212 2089 292 2165 sunt
302 2085 461 2188 Congius
474 2082 787 2181 etCarpentarius,
800 2085 993 2174 omisimus,
1011 2086 1072 2163 vbi
1087 2089 1179 2162 nulla
1193 2087 1306 2182 plane
1326 2091 1359 2165 sr·

211 2191 449 2291 gnificationis
463 2187 653 2262 obscuritas
666 2187 1077 2285 eaexigerevidebatur‚
1093 2189 1213 2266 addita
1229 2211 1359 2271 autem

209 2295 289 2369 suot
313 2292 374 2368 vbi
395 2291 509 2407 aliqua
529 2287 817 2408 iude-illustratio
839 2292 967 2389 repeti,
981 2293 1113 2386 potuit.
1179 2289 1220 2366 In
1244 2294 1360 2374 rebus

211 2390 525 2572 llsslslll
533 2390 869 2567 slltillll
882 2395 1360 2576 §indulsistis

212 2591 1360 2696 deniquevocabulalraudpaucsaCangioetCarpentarioprae

211 2698 363 2774 termille
402 2696 461 2770 sed
484 2717 526 2770 ea
548 2706 813 2791 tantum,'quae
838 2696 905 2772 lese
927 2698 1019 2795 quad
1042 2701 1140 2775 ultro
1162 2699 1272 2774 nobis
1298 2707 1359 2781 ob

211 2801 388 2884 tullerunt,
418 2820 527 2894 quum
549 2796 619 2890 boc
641 2819 771 2874 conatu
791 2802 915 2896 potius
935 2803 1026 2876 alios
1048 2802 1094 2877 ad
1116 2797 1360 2898 supplendum

211 2917 253 2977 et
274 2899 478 2999 augendum
503 2918 692 2997 utrumque
722 2896 951 2992 Glouarimn,
983 2903 1230 2999 praesertime
1261 2903 1359 2984 Ger

212 3006 352 3080 mmiae
371 3004 625 3088 monumentis,
641 3024 734 3099 quae
749 3000 898 3081 sollicite
913 3005 1075 3082 lmumnti
1089 3005 1220 3103 largam
1236 3015 1359 3096 omni

212 3125 265 3180 no
279 3103 498 3200 promittuut
519 3103 685 3186 messem,
710 3106 869 3181 excitare
891 3107 1131 3186 voluerimus,
1156 3128 1270 3201 quam
1297 3113 1360 3207 ips

211 3204 301 3280 banc
326 3224 465 3301 partem
491 3205 674 3301 suscipere.
726 3202 788 3283 Ne
810 3229 901 3284 vero
922 3209 1069 3283 alienam
1090 3207 1230 3282 laudem
1243 3211 1360 3290 nobi:

211 3306 395 3382 vindicare
412 3307 629 3391 videremur,
649 3306 815 3385 rddima
835 3310 943 3394 nobis
963 3311 1243 3408 qualiscunque,
1271 3313 1360 3396 aste

213 3406 292 3483 risei
314 3405 414 3505 ligno
436 3406 488 3502 (*
534 3412 753 3486 notruimus.

328 3507 485 3586 Primum
508 3509 580 3586 boe
594 3514 767 3590 volumen
790 3510 923 3588 extans
942 3510 1094 3587 omnino
1117 3529 1260 3609 partem
1284 3531 1360 3598 tan

213 3603 377 3684 Glosarii
393 3604 567 3706 Cangiani
580 3634 686 3709 quam
702 3611 957 3708 Supplementi
966 3609 1235 3707 Carpentariani
1255 3633 1360 3698 com

255 3709 391 3787 editur.
467 3708 591 3787 Fidem
617 3716 736 3810 itaque
757 3714 876 3789 facere
900 3715 1111 3810 posonium,
1132 3735 1254 3792 totum
1288 3716 1357 3798 ho

302 3815 384 3890 ‘coo
416 3815 575 3889 manuale
600 3814 661 3892 sex
694 3810 936 3892 voluminibus
963 3816 1008 3892 iri
1036 3816 1356 3916 oompreberrsurn

215 3916 318 4010 quod
341 3937 471 3991 eorum
491 3917 589 3990 caula
613 3915 836 3992 monendum
859 3935 954 3999 erat,
981 3919 1042 4014 qui
1063 3918 1202 3996 lortalle
1226 3938 1360 4002 verer

214 4032 288 4106 tur,
317 4038 365 4096 ne
387 4013 479 4094 vltra
501 4038 606 4114 quam
634 4019 686 4094 sas
710 4017 771 4101 esi.
794 4037 833 4096 et
849 4040 954 4115 quam
977 4022 1199 4113 promisimus
1223 4026 1360 4110 mesca

217 4138 327 4217 opus.
377 4116 560 4196 Dabimus
582 4111 689 4204 xvir
705 4116 809 4217 Maii,
836 4119 947 4202 Anno
966 4115 1288 4206 Muccuxxla

1175 4307 1360 4400 PRAE
